<collection xmlns="http://www.loc.gov/MARC21/slim">
<record>
  <leader>01750nam0a2200265 i 450 </leader>
  <controlfield tag="001">IT\ICCU\CNCE\078882</controlfield>
  <controlfield tag="005">20150217000000.0</controlfield>
  <datafield tag="012" ind1=" " ind2=" ">
    <subfield code="a">uesi e.as i.c. umm. (3) 1594 (R)</subfield>
    <subfield code="2">fei</subfield>
    <subfield code="9">1</subfield>
  </datafield>
  <datafield tag="012" ind1=" " ind2=" ">
    <subfield code="a">3760 2406 9215 69au (C) 1594 (R)</subfield>
    <subfield code="2">fei</subfield>
    <subfield code="9">2</subfield>
  </datafield>
  <datafield tag="100" ind1=" " ind2=" ">
    <subfield code="a">20150217d1594        0itac0103    ba</subfield>
  </datafield>
  <datafield tag="101" ind1=" " ind2=" ">
    <subfield code="a">ITA</subfield>
    <subfield code="a">LAT</subfield>
  </datafield>
  <datafield tag="102" ind1=" " ind2=" ">
    <subfield code="a">IT</subfield>
  </datafield>
  <datafield tag="200" ind1="1" ind2=" ">
    <subfield code="a">Dittionario volgare, &amp; latino, nel quale si contiene come i vocaboli italiani si possono dire, et esprimere latinamente. Per m. Filippo Venuti da Cortona, con vn dittionario delle voce \!! latine simile a quel del Calepino, co&apos; numeri per ritrouar nel volgare la loro significatione. Aggiunto dal medesimo in questa nuoua impresssione. Corretto con diligenza, &amp; accresciuto di nuouo di molte uoci, che non erano nell&apos;altre impressioni, cauate tutte da migliori auttori ...</subfield>
  </datafield>
  <datafield tag="210" ind1=" " ind2=" ">
    <subfield code="a">In Venetia</subfield>
    <subfield code="c">appresso Gio. Antonio Bertano</subfield>
    <subfield code="c">\Giovanni Domenico Micheli!</subfield>
    <subfield code="d">1594</subfield>
  </datafield>
  <datafield tag="215" ind1=" " ind2=" ">
    <subfield code="a">2 pt.</subfield>
    <subfield code="d">8ʻ</subfield>
  </datafield>
  <datafield tag="300" ind1=" " ind2=" ">
    <subfield code="a">2: Dictionarium Latinum ... - Venetiis : apud Ioannem Antonium Bertanum: \Giovanni Domenico Micheli!, 1594 (Venetiis : ex Ioannis Antonii Bertani typographeio: \Giovanni Domenico Micheli!, 1594)</subfield>
  </datafield>
  <datafield tag="620" ind1=" " ind2=" ">
    <subfield code="a">IT</subfield>
    <subfield code="d">Venezia</subfield>
  </datafield>
  <datafield tag="700" ind1=" " ind2="1">
    <subfield code="a">Venuti,</subfield>
    <subfield code="b">Filippo</subfield>
    <subfield code="3">IT\ICCU\CNCA\006428</subfield>
  </datafield>
  <datafield tag="712" ind1="0" ind2="0">
    <subfield code="a">Bertano, Giovanni Antonio</subfield>
    <subfield code="3">IT\ICCU\CNCT\000379</subfield>
    <subfield code="4">650</subfield>
  </datafield>
  <datafield tag="712" ind1="0" ind2="0">
    <subfield code="a">Micheli, Giovanni Domenico</subfield>
    <subfield code="3">IT\ICCU\CNCT\003289</subfield>
    <subfield code="4">650</subfield>
  </datafield>
  <datafield tag="791" ind1="0" ind2="0">
    <subfield code="a">Bertanus, Ioannes Antonius</subfield>
    <subfield code="3">IT\ICCU\CNCT\004353</subfield>
    <subfield code="z">Bertano, Giovanni Antonio</subfield>
  </datafield>
  <datafield tag="801" ind1=" " ind2="3">
    <subfield code="a">IT</subfield>
    <subfield code="b">ICCU</subfield>
    <subfield code="c">20201115</subfield>
  </datafield>
  <datafield tag="899" ind1=" " ind2=" ">
    <subfield code="a">Biblioteca comunale. Tivoli</subfield>
    <subfield code="1">RM0606</subfield>
    <subfield code="2">RMS C3</subfield>
  </datafield>
  <datafield tag="911" ind1=" " ind2=" ">
    <subfield code="a">Sui front. e nel coloph.</subfield>
    <subfield code="9">IT\ICCU\CNCM\002441</subfield>
  </datafield>
  <datafield tag="921" ind1=" " ind2=" ">
    <subfield code="a">IT\ICCU\CNCM\002441</subfield>
    <subfield code="b">Spada retta da due zampe con un tralcio di vite attorcigliato alla lama.</subfield>
    <subfield code="e">Non sine spe</subfield>
    <subfield code="c">U970</subfield>
    <subfield code="f">SPADA</subfield>
    <subfield code="f">VITE</subfield>
    <subfield code="f">NONSINESPE</subfield>
    <subfield code="g">1592-1600</subfield>
  </datafield>
</record>
</collection>
